
@misc{krug_ecological_2004,
  title = {Ecological {{Modelling}} \textemdash{} {{A Taxonomy}}},
  author = {Krug, R M},
  year = {2004},
  copyright = {All rights reserved},
  keywords = {MP - Guest Lecture,My Publications}
}

@misc{krug_west_2004,
  title = {West {{Coast Renosterveld}}: {{{\"O}kologische Prozesse}} Und {{Restaurierung}} ({{West Coast Renosterveld}}: {{Ecological Processes}} and {{Restoration}})},
  author = {Krug, C B and Krug, R M},
  year = {2004},
  copyright = {All rights reserved},
  keywords = {MP - Guest Lecture,My Publications}
}


